@article{grimm2010odd,
  title={{The ODD protocol: a review and first update}},
  author={Grimm, Volker and Berger, Uta and DeAngelis, Donald L and Polhill, J Gary and Giske, Jarl and Railsback, Steven F},
  journal={Ecological modelling},
  volume={221},
  number={23},
  pages={2760--2768},
  year={2010}
}